<record><leader>00000cas a22000007a 4500</leader><controlfield tag="001">24464083</controlfield><controlfield tag="008">910927d185418uuinuwr ne      0    0eng d</controlfield><datafield ind1=" " ind2=" " tag="010"><subfield code="a">sn 91066671 </subfield></datafield><datafield ind1=" " ind2=" " tag="040"><subfield code="a">NYS</subfield><subfield code="b">eng</subfield><subfield code="c">NYS</subfield><subfield code="d">OCL</subfield><subfield code="d">OCLCQ</subfield><subfield code="d">OCLCF</subfield><subfield code="d">OCLCO</subfield></datafield><datafield ind1=" " ind2=" " tag="042"><subfield code="a">msc</subfield></datafield><datafield ind1=" " ind2=" " tag="043"><subfield code="a">n-us-in</subfield></datafield><datafield ind1="0" ind2="0" tag="245"><subfield code="a">Columbia City Republican.</subfield></datafield><datafield ind1=" " ind2=" " tag="260"><subfield code="a">Columbia City, Ind. :</subfield><subfield code="b">H[enry] Welker</subfield></datafield><datafield ind1=" " ind2=" " tag="300"><subfield code="a">v.</subfield></datafield><datafield ind1=" " ind2=" " tag="310"><subfield code="a">Weekly</subfield></datafield><datafield ind1="1" ind2=" " tag="362"><subfield code="a">Began in 1854.</subfield></datafield><datafield ind1=" " ind2=" " tag="500"><subfield code="a">Motto: "The Union, Now and forever, one and inseperable."</subfield></datafield><datafield ind1=" " ind2=" " tag="500"><subfield code="a">Published on Friday.</subfield></datafield><datafield ind1=" " ind2=" " tag="588"><subfield code="a">Description based on: Vol. 1, no. 14 (Nov. 3, 1854).</subfield></datafield><datafield ind1=" " ind2="0" tag="651"><subfield code="a">Columbia City (Ind.)</subfield><subfield code="v">Newspapers.</subfield></datafield><datafield ind1=" " ind2="7" tag="655"><subfield code="a">Newspapers.</subfield><subfield code="2">fast</subfield><subfield code="0">(OCoLC)fst01423814</subfield></datafield><datafield ind1=" " ind2="7" tag="651"><subfield code="a">Indiana</subfield><subfield code="z">Columbia City.</subfield><subfield code="2">fast</subfield><subfield code="0">(OCoLC)fst01221050</subfield></datafield><datafield ind1=" " ind2=" " tag="752"><subfield code="a">United States</subfield><subfield code="b">Indiana</subfield><subfield code="c">Whitley</subfield><subfield code="d">Columbia City.</subfield></datafield></record>